%Encoding: UTF8

@ONLINE {Agata,
    author =  "Bruno Rocha Gomes and Antonio Fernando Lavareda Jacob Jr and Ivan de Jesus Pereira Pinto and Sérgio Colcher",
    title =  "ÁGATA: um chatbot para difusão de práticas para Educação Ambiental",
    month =  "10",
    year =  "2020",
    url = "https://sol.sbc.org.br/index.php/webmedia_estendido/article/download/13068/12921/"
}

@ONLINE {whatsapp,
    author =  "significados.com.br/",
    title =  "O que é o WhatsApp",
    year =  "2020",
    url = "https://www.significados.com.br/whatsapp/"
}

@ONLINE {csharp,
    author =  "Microsoft",
    title =  "Um tour pela linguagem C\#",
    month =  "09",
    year =  "2022",
    url = "https://learn.microsoft.com/pt-br/dotnet/csharp/tour-of-csharp/"
}

@ONLINE {github,
    author =  "Wikipédia",
    title =  "GitHub",
    month =  "4",
    year =  "2022",
    url = "https://pt.wikipedia.org/wiki/GitHub#:~:text=GitHub%20%C3%A9%20uma%20plataforma%20de,de%20qualquer%20lugar%20do%20mundo"
}

@ONLINE {FFNN,
    author = "Wikipédia",
    title = "Feedforward Neural Networks",
    month = "8",
    year = "2022",
    url = "https://en.wikipedia.org/wiki/Feedforward_neural_network"
}

@ONLINE {SleniumWebDriver,
    author = "Selenium.dev",
    title = "WebDriver",
    month = "12",
    year = "2021",
    url = "https://www.selenium.dev/documentation/webdriver/"
}
